@book{csp,
  author = {C.A.R. Hoare},
  title = {{Communicating Sequential Processes}},
  publisher = {Prentice-Hall},
  address = {London},
  year = 1985,
  note = {{ISBN: 0-131-53271-5}}
}

@article{vinter2014synchronous,
  title={{Synchronous Message Exchange for Hardware Designs}},
  author={Vinter, Brian and Skovhede, Kenneth},
  journal={Proceedings of Communicating Process Architectures 2014},
  year={2014}
}

@article{vinter2015bus,
  title={{Bus Centric Synchronous Message Exchange for Hardware Designs}},
  author={Vinter, Brian and Skovhede, Kenneth},
  journal={Proceedings of Communicating Process Architectures 2015},
  year={2015}
}

@article{asheim2016vhdl,
  title={{VHDL Generation From Python Synchronous Message Exchange Networks}},
  author={ASHEIM, Truls and SKOVHEDE, Kenneth and VINTER, Brian},
  journal={Proceedings of Communicating Process Architectures 2016},
  year={2016}
}

@inproceedings{schloegl2015towards,
  title={{Towards a classification scheme for co-simulation approaches in energy systems}},
  author={Schloegl, Florian and Rohjans, Sebastian and Lehnhoff, Sebastian and Velasquez, Jorge and Steinbrink, Cornelius and Palensky, Peter},
  booktitle={Smart Electric Distribution Systems and Technologies (EDST), 2015 International Symposium on},
  pages={516--521},
  year={2015},
  organization={IEEE}
}

@phdthesis{wester2015transformation,
  title={A transformation-based approach to hardware design using higher-order functions},
  author={Wester, Rinse},
  year=2015,
  publisher={Twente University Press},
  school={University of Twente}
}

@inproceedings{aronsson2017hardware,
  title={{Hardware software co-design in Haskell}},
  author={Aronsson, Markus and Sheeran, Mary},
  booktitle={{Proceedings of the 10th ACM SIGPLAN International Symposium on Haskell}},
  pages={162--173},
  year={2017},
  organization={ACM}
}

@misc{libsme,
  title={{LibSME source code}},
  author={Truls Asheim},
  howpublished={\url{https://github.com/truls/libsme}},
  note={[Online; accessed April 2018]}
}

@misc{pysme,
  title={PySME source code},
  author={Truls Asheim},
  howpublished={\url{https://github.com/truls/pysme}},
  note={[Online; accessed April 2018]}
}

@misc{almique,
  title={Almique source code},
  author={Truls Asheim},
  howpublished={\url{https://github.com/truls/almique}},
  note={[Online; accessed April 2018]}
}

@misc{language-vhdl-quote,
  title={{{\tt language-vhdl-quote} source code}},
  author={Truls Asheim},
  howpublished={\url{https://github.com/truls/almique}},
  note={[Online; accessed April 2018]}
}

@misc{cocotb,
  title={Coroutine Co-simulation Test Bench},
  author={potentialventures},
  howpublished={\url{https://github.com/potentialventures/cocotb}},
  note={[Online; accessed May 2018]}
}

@inproceedings{skovhede2016building,
  title={{Building hardware from C\# models}},
  author={Skovhede, Kenneth and Vinter, Brian},
  booktitle={FSP 2016; Third International Workshop on FPGAs for Software Programmers; Proceedings of},
  pages={1--9},
  year={2016},
  organization={VDE}
}


@inproceedings{skovhede2017c++,
  title={{C++ support for better hardware/software co-design in C\# with SME}},
  author={Skovhede, Kenneth and Vinter, Brian},
  booktitle={FSP 2017; Fourth International Workshop on FPGAs for Software Programmers; Proceedings of},
  pages={1--8},
  year=2017,
  organization={VDE}
}

    @article{kablan2012use,
  title={{The Use of Dynamically Optimised High Frequency Moving Average
                  Strategies for Intraday Trading}},
  author={Kablan, Abdalla and Falzon, Joseph},
  journal={Word Academy of Science, Engineering and Technology},
  year={2012}
}

    @book{glasserman2003monte,
  title={{Monte} {Carlo} methods in financial engineering},
  author={Glasserman, Paul},
  volume={53},
  year={2003},
  pages={79-99},
  publisher={Springer Science \& Business Media}
}

@inproceedings{dawson1996verilog,
  title={The verilog procedural interface for the verilog hardware description language},
  author={Dawson, Charles and Pattanam, Sathyam K and Roberts, David},
  booktitle={Verilog HDL Conference, 1996. Proceedings., 1996 IEEE International},
  pages={17--23},
  year={1996},
  organization={IEEE}
}

@unpublished{johnsen2018md5,
  title={Exploring multiple parallel hardware designs on an {FPGA} using {Synchronous} {Message} {Exchange}},
  author={Carl-Johannes Johnsen, Kenneth Skovhede, Brian Vinter},
  year={2018},
  note={Manuscript submitted for publication.}
}

@mastersthesis{johnsen2017thesis,
    author={Carl-Johannes Johnsen},
    year={2017},
    school={University of Copenhagen},
    title={{Implementing a MIPS processor using SME}}
}
        

@unpublished{skovhede2018statemachine,
    title={Building {FPGA} state machines from sequential code},
    author={Kenneth Skovhede, Carl-Johannes Johnsen},
    year=2018,
    note={Manuscript submitted for publication}
}

@inproceedings{chen2012using,
  title={Using OpenCL to evaluate the efficiency of CPUs, GPUs and FPGAs for information filtering},
  author={Chen, Doris and Singh, Deshanand},
  booktitle={Field Programmable Logic and Applications (FPL), 2012 22nd International Conference on},
  pages={5--12},
  year=2012,
  organization={IEEE}
}

@misc{asheim2015,
        title={Implementing High Performance Synchronous Message Exchange},
        author={Truls Asheim},
        year={2015},
        note={Bachelor's Thesis}
}

@inproceedings{mainland2007s,
  title={Why it's nice to be quoted: quasiquoting for haskell},
  author={Mainland, Geoffrey},
  booktitle={Proceedings of the ACM SIGPLAN workshop on Haskell workshop},
  pages={73--82},
  year={2007},
  organization={ACM}
}

@inproceedings{bachrach2012chisel,
  title={Chisel: constructing hardware in a scala embedded language},
  author={Bachrach, Jonathan and Vo, Huy and Richards, Brian and Lee, Yunsup and Waterman, Andrew and Avi{\v{z}}ienis, Rimas and Wawrzynek, John and Asanovi{\'c}, Krste},
  booktitle={Proceedings of the 49th Annual Design Automation Conference},
  pages={1216--1225},
  year={2012},
  organization={ACM}
}

@book{banerjee1976data,
  title={Data dependence in ordinary programs},
  author={Banerjee, Utpal},
  year={1976},
  publisher={Department of Computer Science, University of Illinois at Urbana-Champaign}
}

@inproceedings{bodik2000abcd,
  title={{ABCD: eliminating array bounds checks on demand}},
  author={Bodik, Rastislav and Gupta, Rajiv and Sarkar, Vivek},
  booktitle={ACM SIGPLAN Notices},
  volume=35,
  pages={321--333},
  year=2000,
  organization={ACM}
}


@inproceedings{serot2011implementing,
  title={Implementing stream-processing applications on fpgas: A dsl-based approach},
  author={Serot, Jocelyn and Berry, Francois and Ahmed, Sameer},
  booktitle={Field Programmable Logic and Applications (FPL), 2011 International Conference on},
  pages={130--137},
  year={2011},
  organization={IEEE}
}

@misc{pyrope,
  title={Pyrope},
  howpublished={\url{https://masc.soe.ucsc.edu/pyrope.html}},
  author={{Haven Skinner, Akash Sridhar, Rafael Trapani Possignolo and Jose Renau}},
  note={{[Online; Accessed May 2018]}}
}

@inproceedings{gill2009introducing,
  title={Introducing kansas lava},
  author={Gill, Andy and Bull, Tristan and Kimmell, Garrin and Perrins, Erik and Komp, Ed and Werling, Brett},
  booktitle={International Symposium on Implementation and Application of Functional Languages},
  pages={18--35},
  year={2009},
  organization={Springer}
}

@inproceedings{bjesse1998lava,
  title={Lava: hardware design in Haskell},
  author={Bjesse, Per and Claessen, Koen and Sheeran, Mary and Singh, Satnam},
  booktitle={ACM SIGPLAN Notices},
  pages={174--184},
  year={1998},
  organization={ACM}
}

 @misc{vivadohls,
  title={Vivado HLS},
  howpublished={\url{https://www.xilinx.com/products/design-tools/vivado/integration/esl-design.html}},
  author={{Xilinx Inc.}},
  note={{[Online; Accessed May 2018]}}
}

@misc{aocl,
  title={Altera OpenCL},
  howpublished={\url{https://www.altera.com/products/design-software/embedded-software-developers/opencl/overview.html}},
  author={{Intel Inc.}},
  note={{[Online; Accessed May 2018]}}
}

@misc{myhdl,
  title={MyHDL},
  howpublished={\url{http://myhdl.org}},
  author={{Jan Decaluwe}},
  note={{Online; Accessed May 2018}}
}

@misc{cxlang,
  title={The Cx Programming Language},
  howpublished={\url{http://cx-lang.org}},
  author={{Synflow}},
  note={{Online; Accessed May 2018}}
}

@mastersthesis{Skaarup14,
  author="Esben Skaarup and Andreas Frisch",
  title="Generation of FPGA Hardware Specifications from PyCSP Networks",
  school= "University of Copenhagen, Niels Bohr Institute",
  year=2014}

